<?xml version="1.0" encoding="UTF-8"?><collection><record><leader>07391ntm a2200685 a 4500</leader><controlfield tag="001">006769574</controlfield><controlfield tag="003">MiAaHDL</controlfield><controlfield tag="005">20190719000000.0</controlfield><controlfield tag="006">m        d        </controlfield><controlfield tag="007">cr bn ---auaua</controlfield><controlfield tag="008">090507s1693    tu            00| ||ara d</controlfield><datafield tag="035" ind1=" " ind2=" "><subfield code="a">(MiU)006769574</subfield></datafield><datafield tag="035" ind1=" " ind2=" "><subfield code="a">sdr-miu006769574</subfield></datafield><datafield tag="040" ind1=" " ind2=" "><subfield code="a">MiU</subfield><subfield code="c">MiU</subfield><subfield code="e">amremm</subfield></datafield><datafield tag="043" ind1=" " ind2=" "><subfield code="a">n-us-mi</subfield></datafield><datafield tag="100" ind1="1" ind2=" "><subfield code="6">880-01</subfield><subfield code="a">Ardabīlī, Muḥammad ibn ʻAbd al-Ghanī,</subfield><subfield code="d">1572-1627.</subfield></datafield><datafield tag="240" ind1="1" ind2="0"><subfield code="6">880-02</subfield><subfield code="a">Sharḥ al-Unmūdhaj fī al-naḥw</subfield></datafield><datafield tag="245" ind1="1" ind2="0"><subfield code="6">880-03</subfield><subfield code="a">Sharḥ Unmūdhaj Maḥmūd al-Zamakhsharī,</subfield><subfield code="f">[1104, i.e. 1693].</subfield></datafield><datafield tag="260" ind1=" " ind2=" "><subfield code="a">[Trabzon,</subfield><subfield code="c">1693]</subfield></datafield><datafield tag="300" ind1=" " ind2=" "><subfield code="a">63 leaves :</subfield><subfield code="b">paper ;</subfield><subfield code="c">202 x 145 (145 x 79) mm. bound to 202 x 151 mm.</subfield></datafield><datafield tag="500" ind1=" " ind2=" "><subfield code="a">Shelfmark: Ann Arbor, University of Michigan, Special Collections Library, Isl. Ms. 144</subfield></datafield><datafield tag="500" ind1=" " ind2=" "><subfield code="a">Origin: As appears in colophon on p.126, copied by Muḥammad ibn ʻUthmān (Mehmet Ösman) in the school of Ali Efendi, Trabzon. Transcription finished 25 Ramaḍān 1104 [ca. 30 May 1693].</subfield></datafield><datafield tag="500" ind1=" " ind2=" "><subfield code="a">Accompanying materials: Insert carrying glosses (paginated pp.87-88).</subfield></datafield><datafield tag="500" ind1=" " ind2=" "><subfield code="a">Former shelfmark: British Museum, London "No. 110. Ardabili's commentary on the Unmudaj." ; "٥٩٣" on tail of textblock.</subfield></datafield><datafield tag="500" ind1=" " ind2=" "><subfield code="a">Binding: Pasteboards covered in dark brown leather ; Type II binding (with flap) ; board linings in laid paper ; upper and lower covers bear gold-stamped mandorla with orange onlays and gold-painted accents, accompanied by a border of gold fillets ; sewn in pink thread, two stations ; traces of worked endbands remain ; overall in fair to poor condition with some abrasion, lifting of leather, delamination of boards, etc. ; housed in envelope.</subfield></datafield><datafield tag="500" ind1=" " ind2=" "><subfield code="a">Support: European laid paper, mainly with 11 laid lines per cm. (vertical) and chain lines spaced 26 mm. apart (horizontal) ; watermark with three bars in scrollwork ; crisp but sturdy, well-sized and burnished, dark cream in color with some inclusions ; a second type of European laid paper appears toward the end of the codex (name watermark, difficult to examine) ; flyleaves in still a different type (watermark with name in bar) ; some smudging and staining.</subfield></datafield><datafield tag="500" ind1=" " ind2=" "><subfield code="a">Decoration: Keywords and abbreviation symbols rubricated ; textual dividers in the form of red discs.</subfield></datafield><datafield tag="500" ind1=" " ind2=" "><subfield code="a">Script: mainly Naskh ; fine Turkish hand ; only partially seriffed with right-sloping head-serifs appearing on bar of kāf (shaqq) and irregularly on joined alif, initial alif lām, etc. ; mainly closed counters ; very slight effect of words descending to baseline ; rounded and freely ligatured though rightward descenders mainly tapered ; alif maqṣūrah regularly mardūdah ; replacement leaf (p.17-18) in a naskh with strong influence of nastaʻlīq.</subfield></datafield><datafield tag="500" ind1=" " ind2=" "><subfield code="a">Layout: Written in 17 lines per page ; frame-ruled.</subfield></datafield><datafield tag="500" ind1=" " ind2=" "><subfield code="a">Collation: i, 5 V(50), IV+1 (59), II (63) ; chiefly quinions ; catchwords present ; pagination in pencil, Western numerals, supplied during digitization (includes flyleaves and insert ; skips two pages between pp.43-44).</subfield></datafield><datafield tag="500" ind1=" " ind2=" "><subfield code="a">Colophon: "Scribal," triangular, reads: "تمت الكتاب بعون الله الملك الوهاب ... على يد اضعف الخلائق المحتاج الى رحمة الله تعالى محمد ابن عثمان ... في اليوم خمس وعشرين من شهر رمضان المبارك في يوم ... السبت وقت العصر في شهر طربزون في مدرسة على افندى سنه اربع ومائة والف تم"</subfield></datafield><datafield tag="500" ind1=" " ind2=" "><subfield code="a">Explicit: "وعصمنا الله من شرورهم و ... لحوارهم والله اعلم بالصواب واليه المرجع والمآب "</subfield></datafield><datafield tag="500" ind1=" " ind2=" "><subfield code="a">Incipit: "الحمد لله [الذي] جعل العربية مفتاح البيان وصيرها آلة بها تحترز [؟] عن الخطأ ... وبعد يقول الفقير المولى ... جمال الله والدين محمد ابن عبد الغني الاردبيلي غفر الله له لما رأيت مختصر الامام الهمام ... جار الله ... انموذجه في النحو قليل اللفظ كثير المعنى صغير الحجم ... ولم يكن له شرح يفيد طالبه ويلقي اليه مقاصده ..."</subfield></datafield><datafield tag="500" ind1=" " ind2=" "><subfield code="a">Title from inscription on 'title page' (p.11).</subfield></datafield><datafield tag="500" ind1=" " ind2=" "><subfield code="a">Ms. codex.</subfield></datafield><datafield tag="505" ind1="0" ind2=" "><subfield code="a">3. p.130-p.133 : [Qaṣīdat yaqūlu al-ʻabd fī Badʼ al-Amālī] / ʻAlī ibn ʻUthmān al-Farghānī.</subfield></datafield><datafield tag="505" ind1="0" ind2=" "><subfield code="a">2. p.127-129 : [blank].</subfield></datafield><datafield tag="505" ind1="0" ind2=" "><subfield code="a">1. p.12-126 : Sharḥ Unmūdhaj Maḥmūd al-Zamakhsharī / al-Ardabīlī.</subfield></datafield><datafield tag="510" ind1="4" ind2=" "><subfield code="a">Brockelmann, C. GAL,</subfield><subfield code="c">I 430 ; S I 764-5.</subfield></datafield><datafield tag="510" ind1="4" ind2=" "><subfield code="a">Brockelmann, C. GAL,</subfield><subfield code="c">I 291</subfield></datafield><datafield tag="520" ind1="8" ind2=" "><subfield code="a">Fine copy of al-Ardabīlī's commentary of the Unmūdhaj fī al-naḥw, a treatise on Arabic grammar by Maḥmūd ibn ʻUmar al-Zamakhsharī (d.1144). Followed by the renowned theological poem of al-Ūshī (12th cent.), Badʼ al-Amālī (or Qaṣīdat yaqūlu al-ʻabd fī Badʼ al-Amālī) in a different hand.</subfield></datafield><datafield tag="538" ind1=" " ind2=" "><subfield code="a">Mode of access: Internet.</subfield></datafield><datafield tag="541" ind1=" " ind2=" "><subfield code="c">Purchase ;</subfield><subfield code="a">Acquired by purchase (funds donated by Horace Rackham).</subfield><subfield code="d">1924.</subfield></datafield><datafield tag="546" ind1=" " ind2=" "><subfield code="a">Arabic.</subfield></datafield><datafield tag="561" ind1=" " ind2=" "><subfield code="a">Bookplate of British Museum, London on interior of upper cover, "British Museum, London. No. 110. Ardabili's commentary on the Unmudaj." ; circular seal impression with figure of goat/gazelle in purple ink as well as inscription "349" in Western numerals on front flyleaf (p.1) ; ownership statements on front flyleaf (p.1) include "من كتب رشدى" followed by "ثم انتقل الى ملك الفقير احمد بن حسين القسطمونى المشتهر بخواجه زاده" ; circular waqf-seal impression in black ink appears on ’title page’ (p.11) and several places throughout, reads: "هذا وقف الراجي فيض الصمدي الشيخ احمد ضيا الدين ابن مصطفى الخالدي فمن بدله بعد ما سمعه فانما اثمه على الذين يبدلونه" in name of Aḥmad Ḍiyāʼ al-Dīn ibn Muṣṭafá al-Khālidī (i.e. Ahmed Ziyâüddîn Gümüşhanevî, d. 1893 or 4) ; extensive marginal and interlinear glosses and corrections ; occasional notabilia (side-heads), often rubricated.</subfield></datafield><datafield tag="600" ind1="1" ind2="0"><subfield code="a">Zamakhsharī, Maḥmūd ibn ʻUmar,</subfield><subfield code="d">1075-1144.</subfield><subfield code="t">Unmūdhaj fī al-naḥw.</subfield></datafield><datafield tag="650" ind1=" " ind2="0"><subfield code="a">Manuscripts, Arabic</subfield><subfield code="z">Michigan</subfield><subfield code="z">Ann Arbor.</subfield></datafield><datafield tag="650" ind1=" " ind2="0"><subfield code="a">Arabic language</subfield><subfield code="x">Grammar</subfield><subfield code="v">Early works to 1800.</subfield></datafield><datafield tag="700" ind1="0" ind2=" "><subfield code="6">880-07</subfield><subfield code="a">Khwājahʻzādah Aḥmad ibn Ḥusayn al-Qasṭamūnī,</subfield><subfield code="e">former owner.</subfield></datafield><datafield tag="700" ind1="0" ind2=" "><subfield code="6">880-06</subfield><subfield code="a">Mehmet Ösman,</subfield><subfield code="d">fl. 1693,</subfield><subfield code="e">scribe.</subfield></datafield><datafield tag="700" ind1="1" ind2="2"><subfield code="6">880-04</subfield><subfield code="a">Ūshī, ʻAlī ibn ʻUthmān,</subfield><subfield code="d">active 12th century.</subfield><subfield code="t">Badʼ al-Amālī.</subfield></datafield><datafield tag="740" ind1="0" ind2="2"><subfield code="6">880-08</subfield><subfield code="a">Qaṣīdat yaqūlu al-ʻabd</subfield></datafield><datafield tag="773" ind1="0" ind2=" "><subfield code="a">Tiflis Collection.</subfield></datafield><datafield tag="880" ind1="0" ind2="2"><subfield code="6">740-08/</subfield><subfield code="a">قصيدة يقول العبد</subfield></datafield><datafield tag="880" ind1="0" ind2=" "><subfield code="6">700-07/</subfield><subfield code="a">خواجه زاده احمد بن حسين القسطموني،</subfield><subfield code="e">مالك سابق.</subfield></datafield><datafield tag="880" ind1="0" ind2=" "><subfield code="6">700-06/</subfield><subfield code="a">محمد بن عثمان،</subfield><subfield code="e">ناسخ.</subfield></datafield><datafield tag="880" ind1="1" ind2="2"><subfield code="6">700-04/</subfield><subfield code="a">أوشى، علي بن عثمان.</subfield><subfield code="t">بدء الامالي.</subfield></datafield><datafield tag="880" ind1="1" ind2="0"><subfield code="6">245-03/</subfield><subfield code="a">شرح انموذج محمود الزمخشري,</subfield><subfield code="f">[1104ه, 1693م].</subfield></datafield><datafield tag="880" ind1="1" ind2="0"><subfield code="6">240-02/</subfield><subfield code="a">شرح الانموذج في النحو</subfield></datafield><datafield tag="880" ind1="1" ind2=" "><subfield code="6">100-01/</subfield><subfield code="a">أردبيلي، محمد بن عبد الغني.</subfield></datafield><datafield tag="CID" ind1=" " ind2=" "><subfield code="a">006769574</subfield></datafield><datafield tag="DAT" ind1="0" ind2=" "><subfield code="a">20190719102635.0</subfield><subfield code="b">20190719000000.0</subfield></datafield><datafield tag="DAT" ind1="1" ind2=" "><subfield code="a">20190719090653.0</subfield><subfield code="b">2019-07-19T16:11:00Z</subfield></datafield><datafield tag="DAT" ind1="2" ind2=" "><subfield code="a">2015-10-02T18:00:03Z</subfield></datafield><datafield tag="CAT" ind1=" " ind2=" "><subfield code="a">SDR-MIU</subfield><subfield code="d">EX LIBRIS - ALEPH</subfield><subfield code="l">prepare.pl-004-008</subfield></datafield><datafield tag="FMT" ind1=" " ind2=" "><subfield code="a">BK</subfield></datafield><datafield tag="HOL" ind1=" " ind2=" "><subfield code="0">sdr-miu006769574</subfield><subfield code="a">MiU</subfield><subfield code="b">SDR</subfield><subfield code="c">MIU</subfield><subfield code="p">mdp.39015079125970</subfield><subfield code="s">MIU</subfield><subfield code="1">006769574</subfield></datafield><datafield tag="974" ind1=" " ind2=" "><subfield code="b">MIU</subfield><subfield code="c">MIU</subfield><subfield code="d">20190719</subfield><subfield code="s">lit-dlps-dc</subfield><subfield code="u">mdp.39015079125970</subfield><subfield code="y">1693</subfield><subfield code="r">pd</subfield><subfield code="q">bib</subfield><subfield code="t">non-US bib date1 &lt; 1879</subfield></datafield></record></collection>